<?xml version="1.0" encoding="UTF-8"?><collection xmlns="http://www.loc.gov/MARC21/slim"><record><leader>00562nam--2200181-u-4500</leader><controlfield tag="001">000055993</controlfield><controlfield tag="002">20161230</controlfield><controlfield tag="005">20161230201052</controlfield><controlfield tag="008">140319s1000------------r-----000-0-eng-d</controlfield><datafield ind1=" " ind2=" " tag="040"><subfield code="a">IFIN-HH</subfield></datafield><datafield ind1=" " ind2=" " tag="080"><subfield code="a">801.323.2=40=30</subfield></datafield><datafield ind1="1" ind2=" " tag="100"><subfield code="a">Sachs-villatte</subfield></datafield><datafield ind1="1" ind2="0" tag="245"><subfield code="a">Dictionnaire encyclopedique francais-allemand et allemand-francais</subfield><subfield code="b">Langenscheidts handworterbucher</subfield><subfield code="c">Sachs-villatte</subfield></datafield><datafield ind1=" " ind2=" " tag="250"><subfield code="a">Edition Revue</subfield></datafield><datafield ind1=" " ind2=" " tag="260"><subfield code="a">Berlin-schoneberg</subfield><subfield code="b">Langenscheidtsche Verlagsbuchhandlung</subfield><subfield code="c">1909</subfield></datafield><datafield ind1=" " ind2=" " tag="300"><subfield code="a">1160P</subfield></datafield><datafield ind1=" " ind2=" " tag="852"><subfield code="a">D543</subfield><subfield code="c">ET</subfield></datafield><datafield ind1=" " ind2=" " tag="CAT"><subfield code="a">Sys</subfield><subfield code="c">20140319</subfield><subfield code="h">181833</subfield></datafield></record></collection>